<record><leader>00000cas a22000007a 4500</leader><controlfield tag="001">20062956</controlfield><controlfield tag="008">890724d18961914mouwr ne      0    0eng d</controlfield><datafield ind1=" " ind2=" " tag="010"><subfield code="a">sn 89066712 </subfield></datafield><datafield ind1=" " ind2=" " tag="040"><subfield code="a">MQN</subfield><subfield code="b">eng</subfield><subfield code="c">MQN</subfield><subfield code="d">OCLCQ</subfield></datafield><datafield ind1=" " ind2=" " tag="042"><subfield code="a">msc</subfield></datafield><datafield ind1="0" ind2="0" tag="245"><subfield code="a">De-Kalb County democrat.</subfield></datafield><datafield ind1="3" ind2="0" tag="246"><subfield code="a">DeKalb County democrat</subfield></datafield><datafield ind1=" " ind2=" " tag="260"><subfield code="a">Maysville, DeKalb Co., Mo. :</subfield><subfield code="b">C.E. Williamson</subfield></datafield><datafield ind1=" " ind2=" " tag="300"><subfield code="a">v.</subfield></datafield><datafield ind1=" " ind2=" " tag="310"><subfield code="a">Weekly</subfield></datafield><datafield ind1="1" ind2=" " tag="362"><subfield code="a">Began in 1896? Ceased in 1914?</subfield></datafield><datafield ind1=" " ind2=" " tag="588"><subfield code="a">Description based on: Vol. 3, no. 22 (Dec. 8, 1898).</subfield></datafield><datafield ind1=" " ind2=" " tag="752"><subfield code="a">United States</subfield><subfield code="b">Missouri</subfield><subfield code="c">DeKalb</subfield><subfield code="d">Maysville.</subfield></datafield></record>